<record><leader>00000cas a22000007a 4500</leader><controlfield tag="001">11831306</controlfield><controlfield tag="008">850321d19201931wiuwr ne      0    0eng d</controlfield><datafield ind1=" " ind2=" " tag="010"><subfield code="a">sn 85040356 </subfield></datafield><datafield ind1=" " ind2=" " tag="040"><subfield code="a">NPV</subfield><subfield code="b">eng</subfield><subfield code="c">NPV</subfield><subfield code="d">OCLCQ</subfield></datafield><datafield ind1=" " ind2=" " tag="042"><subfield code="a">msc</subfield></datafield><datafield ind1="0" ind2="0" tag="245"><subfield code="a">Taylor weekly herald.</subfield></datafield><datafield ind1="1" ind2="7" tag="246"><subfield code="a">Taylor herald</subfield></datafield><datafield ind1=" " ind2=" " tag="260"><subfield code="a">Taylor, Jackson County, Wis. :</subfield><subfield code="b">O.O. Kjome,</subfield><subfield code="c">1920-1931.</subfield></datafield><datafield ind1=" " ind2=" " tag="300"><subfield code="a">v. :</subfield><subfield code="b">ill.</subfield></datafield><datafield ind1=" " ind2=" " tag="310"><subfield code="a">Weekly</subfield></datafield><datafield ind1="0" ind2=" " tag="362"><subfield code="a">Vol. 1, no. 1 (June 18 [i.e. 16], 1920)-v. 12, no. 52 (Dec. 25, 1931).</subfield></datafield><datafield ind1=" " ind2=" " tag="752"><subfield code="a">United States</subfield><subfield code="b">Wisconsin</subfield><subfield code="c">Jackson</subfield><subfield code="d">Taylor.</subfield></datafield></record>